% This file was created with Citavi 4.5.0.11

@article{.b,
 title = {ecm026.dvi},
 pagetotal = {79}
}


@book{Antman.2005,
 author = {Antman, Stuart S.},
 year = {2005},
 title = {Nonlinear problems of elasticity},
 edition = {2. ed.},
 volume = {107},
 publisher = {Springer},
 isbn = {978-0-387-20880-0},
 location = {New York, NY},
 series = {Applied mathematical sciences},
 pagetotal = {XVIII, 835 S.},
 file = {http://www.worldcat.org/oclc/873400102}
}


@article{Armero.2012,
 author = {Armero, F. and Valverde, J.},
 year = {2012},
 title = {Invariant Hermitian finite elements for thin Kirchhoff rods. II: The linear three-dimensional case},
 pages = {458--485},
 pagination = {page},
 volume = {213-216},
 issn = {00457825},
 journaltitle = {Computer Methods in Applied Mechanics and Engineering},
 doi = {10.1016/j.cma.2011.05.014},
 abstract = {Computer Methods in Applied Mechanics and Engineering, 213-216 (2012) 458-485. doi:10.1016/j.cma.2011.05.014},
 pagetotal = {28}
}


@article{Armero.2012b,
 author = {Armero, F. and Valverde, J.},
 year = {2012},
 title = {Invariant Hermitian finite elements for thin Kirchhoff rods. I: The linear plane case},
 pages = {427--457},
 pagination = {page},
 volume = {213-216},
 issn = {00457825},
 journaltitle = {Computer Methods in Applied Mechanics and Engineering},
 doi = {10.1016/j.cma.2011.05.009},
 abstract = {Computer Methods in Applied Mechanics and Engineering, 213-216 (2012) 427-457. doi:10.1016/j.cma.2011.05.009},
 pagetotal = {31}
}


@article{Auricchio.2013,
 author = {Auricchio, F. and {Beir{\~a}o da Veiga, L.} and Kiendl, J. and Lovadina, C. and Reali, A.},
 year = {2013},
 title = {Locking-free isogeometric collocation methods for spatial Timoshenko rods},
 pages = {113--126},
 pagination = {page},
 volume = {263},
 issn = {00457825},
 journaltitle = {Computer Methods in Applied Mechanics and Engineering},
 doi = {10.1016/j.cma.2013.03.009}
}


@book{Basar.2000,
 author = {Ba{\c{s}}ar, Yavuz and Weichert, Dieter},
 year = {2000},
 title = {Nonlinear continuum mechanics of solids},
 publisher = {Springer},
 isbn = {978-3540666011},
 subtitle = {Fundamental mathematical and physical concepts ; with 5 tables},
 location = {Berlin [u.a.]},
 pagetotal = {X, 193 S.},
 file = {http://www.worldcat.org/oclc/247859579}
}


@article{Bathe.1979,
 author = {Bathe, Klaus-J{\"u}rgen and Bolourchi, Sa{\"i}d},
 year = {1979},
 title = {Large displacement analysis of three-dimensional beam structures},
 pages = {961--986},
 pagination = {page},
 volume = {14},
 issn = {0029-5981},
 journaltitle = {International Journal for Numerical Methods in Engineering},
 shortjournal = {Int. J. Numer. Meth. Engng.},
 doi = {10.1002/nme.1620140703},
 issue = {7}
}


@article{Benson.2010,
 author = {Benson, D. J. and Bazilevs, Y. and Hsu, M. C. and Hughes, T.J.R.},
 year = {2010},
 title = {Isogeometric shell analysis: The Reissner--Mindlin shell},
 pages = {276--289},
 pagination = {page},
 volume = {199},
 issn = {00457825},
 journaltitle = {Computer Methods in Applied Mechanics and Engineering},
 doi = {10.1016/j.cma.2009.05.011},
 issue = {5-8}
}


@article{Benson.2011,
 author = {Benson, D. J. and Bazilevs, Y. and Hsu, M.-C. and Hughes, T.J.R.},
 year = {2011},
 title = {A large deformation, rotation-free, isogeometric shell},
 pages = {1367--1378},
 pagination = {page},
 volume = {200},
 issn = {00457825},
 journaltitle = {Computer Methods in Applied Mechanics and Engineering},
 doi = {10.1016/j.cma.2010.12.003},
 issue = {13-16}
}


@article{Bouclier.2012,
 author = {Bouclier, Robin and Elguedj, Thomas and Combescure, Alain},
 year = {2012},
 title = {Locking free isogeometric formulations of curved thick beams},
 pages = {144--162},
 pagination = {page},
 volume = {245-246},
 issn = {00457825},
 journaltitle = {Computer Methods in Applied Mechanics and Engineering},
 doi = {10.1016/j.cma.2012.06.008},
 abstract = {COMPUTER METHODS IN APPLIED MECHANICS AND ENGINEERING, 245-246 (2012) 144-162. doi:10.1016/j.cma.2012.06.008},
 pagetotal = {19}
}


@article{Breitenberger.2015,
 author = {Breitenberger, M. and Apostolatos, A. and Philipp, B. and W{\"u}chner, R. and Bletzinger, K.-U.},
 year = {2015},
 title = {Analysis in computer aided design: Nonlinear isogeometric B-Rep analysis of shell structures},
 pages = {401--457},
 pagination = {page},
 volume = {284},
 issn = {00457825},
 journaltitle = {Computer Methods in Applied Mechanics and Engineering},
 doi = {10.1016/j.cma.2014.09.033},
 abstract = {Comput. Methods Appl. Mech. Engrg., 284 (2015) 401-457. doi:10.1016/j.cma.2014.09.033},
 pagetotal = {57}
}


@book{Bronstein.2001,
 author = {Bronstein, Ilja N. and Semendjajew, Konstantin A.},
 year = {2001},
 title = {Taschenbuch der Mathematik},
 edition = {5., {\"u}berarb. und erw. Aufl., unver{\"a}nd. Nachdr},
 publisher = {Deutsch},
 isbn = {978-3817120055},
 location = {Thun [u.a.]},
 pagetotal = {XXXVII, 1191 S},
 file = {http://www.worldcat.org/oclc/64650632}
}


@book{Case.1999,
 author = {Case, John and Chilver, Henry Chilver and {Ross, C. T. F.}},
 year = {1999},
 title = {Strength of materials and structures},
 edition = {4th ed.},
 publisher = {Arnold and {John Wiley {\&} Sons}},
 isbn = {978-0-340-71920-6},
 location = {London and New York},
 abstract = {Starting with basic mechanics, the book goes on to cover numerical techniques such as matrix and finite element methods. There is also additional material on composite materials, thick shells, flat plates, and the vibrations of complex structures. Illustrated throughout with worked examples, the book also provides problems for students to attempt.},
 pagetotal = {1 online resource (xiv, 600},
 file = {http://www.worldcat.org/oclc/49708565}
}


@article{Crisfield.1990,
 author = {Crisfield, M. A.},
 year = {1990},
 title = {A consistent co-rotational formulation for non-linear, three-dimensional, beam-elements},
 pages = {131--150},
 pagination = {page},
 volume = {81},
 issn = {00457825},
 journaltitle = {Computer Methods in Applied Mechanics and Engineering},
 doi = {10.1016/0045-7825(90)90106-V},
 issue = {2}
}


@book{Dankert.2013,
 author = {Dankert, J{\"u}rgen and Dankert, Helga},
 year = {2013},
 title = {Technische Mechanik},
 url = {www.worldcat.org/oclc/874323120},
 keywords = {Technische Mechanik},
 edition = {7. Aufl. 2013},
 publisher = {{Springer Fachmedien}},
 subtitle = {Statik, Festigkeitslehre, Kinematik/Kinetik},
 location = {Wiesbaden},
 series = {Studium},
 pagetotal = {778}
}


@article{Dornisch.2013,
 author = {Dornisch, W. and Klinkel, S. and Simeon, B.},
 year = {2013},
 title = {Isogeometric Reissner--Mindlin shell analysis with exactly calculated director vectors},
 pages = {491--504},
 pagination = {page},
 volume = {253},
 issn = {00457825},
 journaltitle = {Computer Methods in Applied Mechanics and Engineering},
 doi = {10.1016/j.cma.2012.09.010}
}


@article{Dupuis.1971,
 author = {Dupuis, G. A. and Hibbitt, H. D. and McNamara, S. F. and Marcal, P. V.},
 year = {1971},
 title = {Nonlinear material and geometric behavior of shell structures},
 pages = {223--239},
 pagination = {page},
 volume = {1},
 issn = {00457949},
 journaltitle = {Computers {\&} Structures},
 doi = {10.1016/0045-7949(71)90011-3},
 issue = {1-2}
}


@article{Dvorkin.1988,
 author = {Dvorkin, Eduardo N. and Onte, Eugenio and Oliver, Javier},
 year = {1988},
 title = {On a non-linear formulation for curved Timoshenko beam elements considering large displacement/rotation increments},
 pages = {1597--1613},
 pagination = {page},
 volume = {26},
 issn = {0029-5981},
 journaltitle = {International Journal for Numerical Methods in Engineering},
 shortjournal = {Int. J. Numer. Meth. Engng.},
 doi = {10.1002/nme.1620260710},
 issue = {7}
}


@article{Echter.,
 author = {Echter, Ralph},
 title = {Isogeometric Analysis of Shells},
 pagetotal = {214}
}


@article{Echter.2010,
 author = {Echter, Ralph and Bischoff, Manfred},
 year = {2010},
 title = {Numerical efficiency, locking and unlocking of NURBS finite elements},
 pages = {374--382},
 pagination = {page},
 volume = {199},
 issn = {00457825},
 journaltitle = {Computer Methods in Applied Mechanics and Engineering},
 doi = {10.1016/j.cma.2009.02.035},
 issue = {5-8},
 pagetotal = {9}
}


@article{Echter.2013,
 author = {Echter, R. and Oesterle, B. and Bischoff, M.},
 year = {2013},
 title = {A hierarchic family of isogeometric shell finite elements},
 pages = {170--180},
 pagination = {page},
 volume = {254},
 issn = {00457825},
 journaltitle = {Computer Methods in Applied Mechanics and Engineering},
 doi = {10.1016/j.cma.2012.10.018},
 abstract = {Computer Methods in Applied Mechanics and Engineering, 254 (2013) 170-180. doi:10.1016/j.cma.2012.10.018},
 pagetotal = {11}
}


@article{Gontier.1995,
 author = {Gontier, C. and Vollmer, C.},
 year = {1995},
 title = {A large displacement analysis of a beam using a CAD geometric definition},
 pages = {981--989},
 pagination = {page},
 volume = {57},
 issn = {00457949},
 journaltitle = {Computers {\&} Structures},
 doi = {10.1016/0045-7949(95)00100-U},
 issue = {6}
}


@article{Goriely.2001,
 author = {Goriely, A. and Nizette, M. and Tabor, M.},
 year = {2001},
 title = {On the Dynamics of Elastic Strips},
 pages = {3--45},
 pagination = {page},
 volume = {11},
 issn = {0938-8974},
 journaltitle = {Journal of Nonlinear Science},
 shortjournal = {J. Nonlinear Sci.},
 doi = {10.1007/s003320010009},
 issue = {1}
}


@article{Greco.2013,
 author = {Greco, L. and Cuomo, M.},
 year = {2013},
 title = {B-Spline interpolation of Kirchhoff-Love space rods},
 pages = {251--269},
 pagination = {page},
 volume = {256},
 issn = {00457825},
 journaltitle = {Computer Methods in Applied Mechanics and Engineering},
 doi = {10.1016/j.cma.2012.11.017},
 abstract = {Computer Methods in Applied Mechanics and Engineering, 256 (2013) 251-269. doi:10.1016/j.cma.2012.11.017},
 pagetotal = {19}
}


@article{Hughes.2005,
 author = {Hughes, T.J.R. and Cottrell, J. A. and Bazilevs, Y.},
 year = {2005},
 title = {Isogeometric analysis: CAD, finite elements, NURBS, exact geometry and mesh refinement},
 pages = {4135--4195},
 pagination = {page},
 volume = {194},
 issn = {00457825},
 journaltitle = {Computer Methods in Applied Mechanics and Engineering},
 doi = {10.1016/j.cma.2004.10.008},
 issue = {39-41}
}


@article{Ishaquddin.2012,
 author = {Ishaquddin, Md. and Raveendranath, P. and Reddy, J. N.},
 year = {2012},
 title = {Flexure and torsion locking phenomena in out-of-plane deformation of Timoshenko curved beam element},
 pages = {22--30},
 pagination = {page},
 volume = {51},
 issn = {0168874X},
 journaltitle = {Finite Elements in Analysis and Design},
 doi = {10.1016/j.finel.2011.11.002}
}


@article{Kiendl.2009,
 author = {Kiendl, J. and Bletzinger, K.-U. and Linhard, J. and W{\"u}chner, R.},
 year = {2009},
 title = {Isogeometric shell analysis with Kirchhoff--Love elements},
 pages = {3902--3914},
 pagination = {page},
 volume = {198},
 issn = {00457825},
 journaltitle = {Computer Methods in Applied Mechanics and Engineering},
 doi = {10.1016/j.cma.2009.08.013},
 issue = {49-52}
}


@book{Kiendl.2011,
 author = {Kiendl, Josef M.},
 year = {2011},
 title = {Isogeometric analysis and shape optimal design of shell structures},
 volume = {Bd. 17},
 publisher = {Shaker},
 isbn = {978-3-8440-0104-4},
 location = {Aachen},
 series = {Schriftenreihe des Lehrstuhls f{\"u}r Statik / TU M{\"u}nchen},
 pagetotal = {VIII, 146 S},
 file = {http://www.worldcat.org/oclc/751468321}
}


@article{Kiendl.2015,
 author = {Kiendl, J. and Auricchio, F. and Hughes, T.J.R. and Reali, A.},
 year = {2015},
 title = {Single-variable formulations and isogeometric discretizations for shear deformable beams},
 pages = {988--1004},
 pagination = {page},
 volume = {284},
 issn = {00457825},
 journaltitle = {Computer Methods in Applied Mechanics and Engineering},
 doi = {10.1016/j.cma.2014.11.011}
}


@article{Krenk.1994,
 author = {Krenk, S.},
 title = {General Format For Curved Non-Homogeneous Beam Elements},
 volume = {1994},
 pagetotal = {7}
}


@book{Krenk.2009,
 author = {Krenk, S.},
 year = {2009},
 title = {Non-linear modeling and analysis of solids and structures},
 url = {www.worldcat.org/oclc/60667968},
 keywords = {Structural analysis (Engineering);Numerical analysis;Finite element method;Nonlinear theories},
 publisher = {{Cambridge University Press}},
 location = {Cambridge},
 pagetotal = {361}
}


@article{Langer.1996,
 author = {Langer, Joel and Singer, David A.},
 year = {1996},
 title = {Lagrangian Aspects of the Kirchhoff Elastic Rod},
 pages = {605--618},
 pagination = {page},
 volume = {38},
 issn = {0036-1445},
 journaltitle = {SIAM Review},
 shortjournal = {SIAM Rev.},
 doi = {10.1137/S0036144593253290},
 issue = {4}
}


@article{Lo.1992,
 author = {Lo, S. H.},
 year = {1992},
 title = {Geometrically nonlinear formulation of 3D finite strain beam element with large rotations},
 pages = {147--157},
 pagination = {page},
 volume = {44},
 issn = {00457949},
 journaltitle = {Computers {\&} Structures},
 doi = {10.1016/0045-7949(92)90234-Q},
 issue = {1-2},
 pagetotal = {11}
}


@book{Lumpe.2014,
 author = {Lumpe, G. and Gensichen, Volker},
 year = {2014},
 title = {Evaluierung der linearen und nichtlinearen Stabstatik in Theorie und Software},
 isbn = {978-3-433-03053-0},
 subtitle = {Pr{\"u}fbeispiele, Fehlerursachen, genaue Theorie},
 series = {Bauingenieur-Praxis},
 pagetotal = {xii, 275},
 file = {http://www.worldcat.org/oclc/872974903}
}


@book{Mallett.1966,
 author = {Mallett, R. H. and Berke, L. and {Air Force Flight Dynamics Laboratory} and {CASE INST OF TECH CLEVELAND OH.} and {Case Institute of Technology}},
 year = {1966},
 title = {Automated Method for the Large Deflection and Instability Analysis of Three-dimensional Truss and Frame Assemblies},
 url = {https://books.google.de/books?id=-5tcNwAACAAJ},
 publisher = {{Defense Technical Information Center}},
 series = {Technical report (Air Force Flight Dynamics Laboratory (U.S.)))}
}


@article{Muller.2012,
 author = {M{\"u}ller, G.},
 year = {2012},
 title = {Continuum Mechanics and Tensor AnalysisWinter Term 2012/2013},
 pagetotal = {249}
}


@book{Piegl.1997,
 author = {Piegl, Les and Tiller, Wayne},
 year = {1997},
 title = {The NURBS Book},
 edition = {Second edition},
 publisher = {{Springer Berlin Heidelberg}},
 isbn = {978-3-642-59223-2},
 location = {Berlin, Heidelberg},
 series = {Monographs in Visual Communication},
 abstract = {The NURBS book covers all aspects of non-uniform rational B-splines necessary to design geometry in a computer aided environment. Basic B-spline features, curve and surface algorithms, and state-of-the-art geometry tools are all discussed. Detailed code for design algorithms and computational tricks are covered too, in a lucid, easy-to-understand style, with a minimum of mathematics and using numerous worked examples. The book is a must for students, researchers, and implementors whose work involves the use of splines. {\dq}Some years ago a few researchers joked about NURBS, saying that the acronym really stands for Nobody Understands Rational B-Splines write the authors in their foreword; they formulate the aim of changing NURBS to EURBS, that is, Everybody ... There is no doubt that they have achieved this goal. ... I highly recommend the book to anyone who is interested in a detailed description of NURBS. It is extremely helpful for students, teachers and designers of geometric modelling systems. ...{\dq}--H. Pottmann, Computer Aided Design, 1996.},
 pagetotal = {1 online resource (xiv, 646},
 file = {http://www.worldcat.org/oclc/851820414}
}


@article{Raknes.2013,
 author = {Raknes, S. B. and Deng, X. and Bazilevs, Y. and Benson, D. J. and Mathisen, K. M. and Kvamsdal, T.},
 year = {2013},
 title = {Isogeometric rotation-free bending-stabilized cables: Statics, dynamics, bending strips and coupling with shells},
 pages = {127--143},
 pagination = {page},
 volume = {263},
 issn = {00457825},
 journaltitle = {Computer Methods in Applied Mechanics and Engineering},
 doi = {10.1016/j.cma.2013.05.005},
 abstract = {Computer Methods in Applied Mechanics and Engineering, 263 (2013) 127-143. doi:10.1016/j.cma.2013.05.005},
 pagetotal = {17}
}


@article{Romero.2008,
 author = {Romero, Ignacio},
 year = {2008},
 title = {A comparison of finite elements for nonlinear beams: the absolute nodal coordinate and geometrically exact formulations},
 pages = {51--68},
 pagination = {page},
 volume = {20},
 issn = {1384-5640},
 journaltitle = {Multibody System Dynamics},
 shortjournal = {Multibody Syst Dyn},
 doi = {10.1007/s11044-008-9105-7},
 issue = {1}
}


@article{Simo.1985,
 author = {Simo, J. C.},
 year = {1985},
 title = {A finite strain beam formulation. The three-dimensional dynamic problem. Part I},
 pages = {55--70},
 pagination = {page},
 volume = {49},
 issn = {00457825},
 journaltitle = {Computer Methods in Applied Mechanics and Engineering},
 doi = {10.1016/0045-7825(85)90050-7},
 issue = {1}
}


@article{Simo.1986,
 author = {Simo, J. C. and Vu-Quoc, L.},
 year = {1986},
 title = {A three-dimensional finite-strain rod model. part II: Computational aspects},
 pages = {79--116},
 pagination = {page},
 volume = {58},
 issn = {00457825},
 journaltitle = {Computer Methods in Applied Mechanics and Engineering},
 doi = {10.1016/0045-7825(86)90079-4},
 issue = {1}
}


@book{Wunderlich.2003,
 author = {Wunderlich, W. and Pilkey, Walter D.},
 year = {2003},
 title = {Mechanics of structures},
 edition = {2nd ed.},
 publisher = {{CRC Press}},
 isbn = {978-0849307003},
 subtitle = {Variational and computational methods},
 location = {Boca Raton, FL},
 pagetotal = {892},
 file = {http://www.worldcat.org/oclc/49238633}
}


