@book{Piegl.op.1997,
 author = {Piegl, Les A. and Tiller, Wayne},
 year = {op. 1997},
 title = {The NURBS book},
 address = {Berlin  and  and New York},
 edition = {2},
 publisher = {Springer},
 isbn = {3-540-61545-8}
}


